@article{Naselaris2011,
author = {Thomas Naselaris and Kendrick N. Kay and Shinji Nishimoto and Jack L. 
Gallant},
title = {Encoding and decoding in fMRI}, 
journal = {Neuroimage},
year = {2011},
volume = {56},
pages = {400--410}
}

@article{mouraomiranda2005,
title = "Classifying brain states and determining the discriminating activation
patterns: Support Vector Machine on functional MRI data",
journal = "NeuroImage",
volume = "28",
year = "2005",
author = "Janaina Mourão-Miranda and Arun L.W. Bokde and Christine Born and
Harald Hampel and Martin Stetter"
}


@article{Pedregosa2011,
title={Scikit-learn: Machine Learning in {Python}},
author={Pedregosa, F. and Varoquaux, G. and Gramfort, A. and Michel, V.
         and Thirion, B. and Grisel, O. and Blondel, M. and Prettenhofer, P.
         and Weiss, R. and Dubourg, V. and Vanderplas, J. and Passos, A. and
         Cournapeau, D. and Brucher, M. and Perrot, M. and Duchesnay, E.},
journal={J. Mach. Learn. Res.},
volume={12},
year={2011}
}

@article{otoole2007,
author = {O'Toole, Alice J. and Jiang, Fang and Abdi, Hervé and Pénard, Nils and
Dunlop, Joseph P. and Parent, Marc A.},
journal = {J Cogn Neurosci},
year = {2007}, 
volume = {19}, 
title = {Theoretical, Statistical, and Practical Perspectives on Pattern-based 
Classification Approaches to the Analysis of Functional Neuroimaging Data},
autor = {Alice J. O'Toole and Fang Jiang and Hervé Abdi and Nils Pénard and 
Joseph P. Dunlop and Marc A. Parent}
}


@article{Achlioptas:2007:FCL:1219092.1219097,
 author = {Achlioptas, Dimitris and Mcsherry, Frank},
 title = {Fast Computation of Low-rank Matrix Approximations},
 journal = {J. ACM},
 volume = {54},
 year = {2007},
} 

@article{CC01a,
 author = {Chang, Chih-Chung and Lin, Chih-Jen},
 title = {{LIBSVM}: A library for support vector machines},
 journal = {ACM Tran. on Intelligent Systems and Technology},
 volume = {2},
 year = {2011},
}

@inproceedings{LuDFU13,
  added-at = {2014-01-07T00:00:00.000+0100},
  author = {Lu, Yichao and Dhillon, Paramveer S. and Foster, Dean P. and Ungar, 
  Lyle H.},
  booktitle = {NIPS},
  title = {Faster Ridge Regression via the Subsampled Randomized Hadamard 
  Transform.},
  year = 2013
}


@article{Paul:2014:RPL:2663597.2641760,
 author = {Paul, Saurabh and Boutsidis, Christos and Magdon-Ismail, Malik and 
 Drineas, Petros},
 title = {Random Projections for Linear Support Vector Machines},
 journal = {ACM Trans. Knowl. Discov. Data},
 volume = {8},
 year = {2014},
} 


@article{Halko2011,
 author = {Halko, N. and Martinsson, P. G. and Tropp, J. A.},
 title = {Finding Structure with Randomness: Probabilistic Algorithms for 
 Constructing Approximate Matrix Decompositions},
 journal = {SIAM Rev.},
 volume = {53},
 year = {2011},
} 


@article{baraniuk2009,
 author = {Baraniuk, Richard G. and Wakin, Michael B.},
 title = {Random Projections of Smooth Manifolds},
 journal = {Found. Comput. Math.},
 volume = {9},
 year = {2009},
} 

@article{Ailon2009,
 author = {Ailon, Nir and Chazelle, Bernard},
 title = {The Fast Johnson-Lindenstrauss Transform and Approximate Nearest 
 Neighbors},
 journal = {SIAM J. Comput.},
 volume = {39},
 year = {2009},
} 

@INPROCEEDINGS{rahimi2007,
    author = {Ali Rahimi and Ben Recht},
    title = {Random features for large-scale kernel machines},
    booktitle = {NIPS},
    year = {2007}
}

@incollection{Johnson1984,
author = {Johnson, William and Lindenstrauss, Joram},
booktitle = {Conference in modern analysis and probability},
title = {Extensions of {L}ipschitz mappings into a {H}ilbert space},
volume = {26},
year = {1984}
}

@article{achlioptas2003,
title = "Database-friendly random projections: Johnson-Lindenstrauss with 
binary coins ",
journal = "Journal of Computer and System Sciences ",
volume = "66",
year = "2003",
author = "Dimitris Achlioptas"
}

@article{glass13,
   author = {Glasser, Matthew F. and Sotiropoulos, Stamatios N. and Wilson, J. 
   Anthony and Coalson, Timothy S. and Fischl, Bruce and Andersson, Jesper L. 
   and Xu, Junqian and Jbabdi, Saad and Webster, Matthew and Polimeni, Jonathan 
   R.},
   title = {The minimal preprocessing pipelines for the Human Connectome 
   Project},
   journal = {Neuroimage},
   volume = {80},
   year = {2013},
}

@ARTICLE{barch2013,
  author = {Deanna M Barch and Gregory C Burgess and Michael P Harms and Steven
	E Petersen and Bradley L Schlaggar and Maurizio Corbetta and Matthew
	F Glasser and Sandra Curtiss and Sachin Dixit and Cindy Feldt and
	Dan Nolan and Edward Bryant and Tucker Hartley and Owen Footer and
	James M Bjork and Russ Poldrack and Steve Smith and Heidi Johansen-Berg
	and Abraham Z Snyder and David C Van Essen and W. U-Minn HCP Consortium},
  title = {Function in the human connectome: task-fMRI and individual 
  differences
	in behavior.},
  journal = {Neuroimage},
  year = {2013},
  volume = {80},
}

@Article{haxby2001,
  author	= {Haxby, James V. and Gobbini, Ida M. and Furey, Maura L.
		  and others},
  journal	= {Science},
  title		= {Distributed and overlapping representations of faces and
		  objects in ventral temporal cortex},
  volume	= {293},
  year		= {2001}
}

@ARTICLE{marcus2007,
  author = {Daniel S Marcus and Tracy H Wang and Jamie Parker and John G 
  Csernansky
	and John C Morris and Randy L Buckner},
  title = {Open Access Series of Imaging Studies (OASIS): cross-sectional MRI
	data in young, middle aged, nondemented, and demented older adults.},
  journal = {J Cogn Neurosci},
  year = {2007},
  volume = {19},
}

@article{VanEssen20122222,

title = "The Human Connectome Project: A data acquisition perspective ",

journal = "NeuroImage ",

volume = "62",

year = "2012",

author = "D.C. Van Essen and K. Ugurbil and E. Auerbach and D. Barch and T.E.J. 
Behrens and R. Bucholz and A. Chang and L. Chen and M. Corbetta and S.W. 
Curtiss and S. Della Penna and D. Feinberg and M.F. Glasser and N. Harel and 
A.C. Heath and L. Larson-Prior and D. Marcus and G. Michalareas and S. Moeller 
and R. Oostenveld and S.E. Petersen and F. Prior and B.L. Schlaggar and S.M. 
Smith and A.Z. Snyder and J. Xu and E. Yacoub",

}


@article{mahoney2009matrix,
  added-at = {2012-02-17T13:43:51.000+0100},
  author = {Mahoney, Michael W. and Drineas, Petros},
  journal = {PNAS},
  title = {CUR matrix decompositions for improved data analysis},
  volume = 106,
  year = 2009
}


@article{Wang:2013:ICM:2567709.2567748,
 author = {Wang, Shusen and Zhang, Zhihua},
 title = {Improving CUR Matrix Decomposition and the Nystr\"{o}M Approximation 
 via Adaptive Sampling},
 journal = {J. Mach. Learn. Res.},
 volume = {14},
 year = {2013},
} 



@inproceedings{Liberty:2013:SDM:2487575.2487623,
 author = {Liberty, Edo},
 title = {Simple and Deterministic Matrix Sketching},
 booktitle = {Proceedings of the 19th ACM SIGKDD International Conference on 
 Knowledge Discovery and Data Mining},
 year = {2013},
} 

@incollection{Rudi2015,
    Author = {Alessandro Rudi and Raffaello Camoriano and Loranzo Rosasco},
    Booktitle = {NIPS},
    Title = {Less is more: Nystr\"om computational regularization},
    Year = {2015},
}

@INPROCEEDINGS{Williams01usingthe,
    author = {Christopher Williams and Matthias Seeger},
    title = {Using the Nystr\"om Method to Speed Up Kernel Machines},
    booktitle = {NIPS},
    year = {2001},
    pages = {682--688},
}

@inproceedings{GittensM13,
  author = {Gittens, Alex and Mahoney, Michael W.},
  booktitle = {ICML},
  title = {Revisiting the Nystrom method for improved large-scale machine 
  learning.},
  volume = 28,
  year = 2013
}
